<record><leader>00000cas a22000007a 4500</leader><controlfield tag="001">13048395</controlfield><controlfield tag="008">860122c19219999paudn ne      0    0eng d</controlfield><datafield ind1=" " ind2=" " tag="010"><subfield code="a">sn 86081654 </subfield></datafield><datafield ind1=" " ind2=" " tag="040"><subfield code="a">NPH</subfield><subfield code="b">eng</subfield><subfield code="c">NPH</subfield><subfield code="d">OCL</subfield><subfield code="d">OCLCQ</subfield></datafield><datafield ind1=" " ind2=" " tag="019"><subfield code="a">19234398</subfield></datafield><datafield ind1=" " ind2=" " tag="042"><subfield code="a">msc</subfield></datafield><datafield ind1="0" ind2=" " tag="130"><subfield code="a">Record-herald (Waynesboro, Pa.)</subfield></datafield><datafield ind1="1" ind2="4" tag="245"><subfield code="a">The record-herald.</subfield></datafield><datafield ind1=" " ind2=" " tag="260"><subfield code="a">Waynesboro, Pa. :</subfield><subfield code="b">Waynesboro Record Co.,</subfield><subfield code="c">1921-</subfield></datafield><datafield ind1=" " ind2=" " tag="300"><subfield code="a">v. :</subfield><subfield code="b">ill.</subfield></datafield><datafield ind1=" " ind2=" " tag="310"><subfield code="a">Daily (except Sun.)</subfield></datafield><datafield ind1="0" ind2=" " tag="362"><subfield code="a">Vol. 27, no. 306 (Mar. 16, 1921)-</subfield></datafield><datafield ind1=" " ind2=" " tag="500"><subfield code="a">Publisher: Record Herald Pub. Co., &lt;1955&gt;; Paul F. Chalfant, &lt;1986&gt;.</subfield></datafield><datafield ind1=" " ind2=" " tag="752"><subfield code="a">United States</subfield><subfield code="b">Pennsylvania</subfield><subfield code="c">Franklin</subfield><subfield code="d">Waynesboro.</subfield></datafield><datafield ind1="0" ind2="0" tag="780"><subfield code="t">Record-herald and Blue Ridge zephyr</subfield><subfield code="w">(DLC)sn 89077491</subfield></datafield><datafield ind1="1" ind2=" " tag="029"><subfield code="a">AU@</subfield><subfield code="b">000025816739</subfield></datafield></record>